@inproceedings{yang1997comparative,
  title={A comparative study on feature selection in text categorization},
  author={Yang, Yiming and Pedersen, Jan O},
  booktitle={ICML},
  volume={97},
  pages={412--420},
  year={1997}
}
